@article{aki_determination_1976,
  title = {Determination of Three-Dimensional Velocity Anomalies under a Seismic Array Using First {{P}} Arrival Times from Local Earthquakes: 1. {{A}} Homogeneous Initial Model},
  shorttitle = {Determination of Three-Dimensional Velocity Anomalies under a Seismic Array Using First {{P}} Arrival Times from Local Earthquakes},
  author = {Aki, Keiiti and Lee, W. H. K.},
  date = {1976-08-10},
  journaltitle = {Journal of Geophysical Research},
  shortjournal = {J. Geophys. Res.},
  volume = {81},
  number = {23}
}

@article{aki_determination_1977,
  title = {Determination of the Three-Dimensional Seismic Structure of the Lithosphere},
  author = {Aki, Keiiti and Christoffersson, Anders and Husebye, Eystein S.},
  date = {1977-01-10},
  journaltitle = {Journal of Geophysical Research},
  shortjournal = {J. Geophys. Res.},
  volume = {82},
  number = {2}
}

@inproceedings{ali_opensource_2019,
  title = {Open-Source {{Gauss-Newton-based}} Methods for Refraction-Corrected Ultrasound Computed Tomography},
  booktitle = {Medical {{Imaging}} 2019: {{Ultrasonic Imaging}} and {{Tomography}}},
  author = {Ali, Rehman and Hsieh, Scott and Dahl, Jeremy},
  editor = {Ruiter, Nicole V. and Byram, Brett C.},
  date = {2019-03-15},
  publisher = {SPIE}
}

@article{barata_moore_2012,
  title = {The {{Moore}}–{{Penrose Pseudoinverse}}: {{A Tutorial Review}} of the {{Theory}}},
  shorttitle = {The {{Moore}}–{{Penrose Pseudoinverse}}},
  author = {Barata, João Carlos Alves and Hussein, Mahir Saleh},
  date = {2012-04},
  journaltitle = {Brazilian Journal of Physics},
  shortjournal = {Braz J Phys},
  volume = {42},
  number = {1--2}
}

@article{beik_iterative_2018,
  title = {On the Iterative Refinement of the Solution of Ill-Conditioned Linear System of Equations},
  author = {Beik, Fatemeh Panjeh Ali and Ahmadi-Asl, Salman and Ameri, Arezo},
  date = {2018-02},
  journaltitle = {International Journal of Computer Mathematics},
  shortjournal = {International Journal of Computer Mathematics},
  volume = {95},
  number = {2}
}

@article{belanger_external_2017,
  title = {External {{Fake Constraints Interpolation}}: The End of {{Runge}} Phenomenon with High Degree Polynomials Relying on Equispaced Nodes – {{Application}} to Aerial Robotics Motion Planning},
  author = {Belanger, Nicolas},
  date = {2017}
}

@inproceedings{bendoraitis_tomography_2019,
  title = {Tomography Inversion Using Velocity Models Represented by Radial Basis Functions},
  booktitle = {Proceedings of the 16th {{International Congress}} of the {{Brazilian Geophysical Society}}\&{{Expogef}}},
  author = {Bendoraitis, Daina and Santos, Luiz Alberto and Mansur, Webe},
  date = {2019},
  publisher = {Brazilian Geophysical Society}
}

@article{bormann_seismic_2012,
  title = {Seismic {{Wave Propagation}} and {{Earth}} Models},
  author = {Bormann, Peter and Engdahl, E. Robert and Kind, Rainer},
  editor = {Bormann, Peter},
  date = {2012},
  journaltitle = {New Manual of Seismological Observatory Practice 2 (NMSOP2)},
  publisher = {Deutsches GeoForschungsZentrum GFZ},
  keywords = {Seismology}
}

@article{brand_fast_2006,
  title = {Fast Low-Rank Modifications of the Thin Singular Value Decomposition},
  author = {Brand, Matthew},
  date = {2006-05},
  journaltitle = {Linear Algebra and its Applications},
  shortjournal = {Linear Algebra and its Applications},
  volume = {415},
  number = {1}
}

@article{brauchler_travel_2003,
  title = {A Travel Time Based Hydraulic Tomographic Approach},
  author = {Brauchler, R. and Liedl, R. and Dietrich, P.},
  date = {2003-12},
  journaltitle = {Water Resources Research},
  shortjournal = {Water Resources Research},
  volume = {39},
  number = {12}
}

@article{brienzo_broadband_1993,
  title = {Broadband Matched-Field Processing},
  author = {Brienzo, Richard K. and Hodgkiss, William S.},
  date = {1993-11-01},
  journaltitle = {The Journal of the Acoustical Society of America},
  volume = {94},
  number = {5}
}

@article{carson_new_2017,
  title = {A {{New Analysis}} of {{Iterative Refinement}} and {{Its Application}} to {{Accurate Solution}} of {{Ill-Conditioned Sparse Linear Systems}}},
  author = {Carson, Erin and Higham, Nicholas J.},
  date = {2017-01},
  journaltitle = {SIAM Journal on Scientific Computing},
  shortjournal = {SIAM J. Sci. Comput.},
  volume = {39},
  number = {6}
}

@article{chen_speed_1977,
  title = {Speed of Sound in Seawater at High Pressures},
  author = {Chen, Chen-Tung and Millero, Frank J.},
  date = {1977-11-01},
  journaltitle = {The Journal of the Acoustical Society of America},
  volume = {62},
  number = {5}
}

@article{chen_treatment_2006,
  title = {Treatment of {{Rank Deficiency}} in {{Acoustics Using SVD}}},
  author = {Chen, J. T. and Chen, I. L. and Chen, K. H.},
  date = {2006-06},
  journaltitle = {Journal of Computational Acoustics},
  shortjournal = {J. Comp. Acous.},
  volume = {14},
  number = {02}
}

@article{chopp_improvements_2001,
  title = {Some {{Improvements}} of the {{Fast Marching Method}}},
  author = {Chopp, David L.},
  date = {2001-01},
  journaltitle = {SIAM Journal on Scientific Computing},
  shortjournal = {SIAM J. Sci. Comput.},
  volume = {23},
  number = {1}
}

@article{cornuelle_ocean_2008,
  title = {Ocean Acoustic Tomography},
  author = {Cornuelle, Bruce D and Worcester, Peter F and Dzieciuch, Matthew A},
  date = {2008-10-01},
  journaltitle = {Journal of Physics: Conference Series},
  shortjournal = {J. Phys.: Conf. Ser.},
  volume = {118}
}

@book{dahlquist_numerical_2008,
  title = {Numerical Methods in Scientific Computing},
  author = {Dahlquist, Germund and Björck, Åke},
  date = {2008},
  publisher = {{Society for Industrial and Applied Mathematics}}
}

@article{delgrosso_new_1974,
  title = {New Equation for the Speed of Sound in Natural Waters (with Comparisons to Other Equations)},
  author = {Del Grosso, V. A.},
  date = {1974-10-01},
  journaltitle = {The Journal of the Acoustical Society of America},
  volume = {56},
  number = {4}
}

@article{delprat-jannaud_illposed_1993,
  title = {Ill‐posed and Well‐posed Formulations of the Reflection Travel Time Tomography Problem},
  author = {Delprat‐Jannaud, Florence and Lailly, Patrick},
  date = {1993-04-10},
  journaltitle = {Journal of Geophysical Research: Solid Earth},
  shortjournal = {J. Geophys. Res.},
  volume = {98},
  number = {B4}
}

@article{dines_computerized_1979,
  title = {Computerized Geophysical Tomography},
  author = {Dines, K.A. and Lytle, R.J.},
  date = {1979},
  journaltitle = {Proceedings of the IEEE},
  shortjournal = {Proc. IEEE},
  volume = {67},
  number = {7}
}

@article{dosso_bayesian_2011,
  title = {Bayesian Multiple-Source Localization in an Uncertain Ocean Environment},
  author = {Dosso, Stan E. and Wilmut, Michael J.},
  date = {2011-06-01},
  journaltitle = {The Journal of the Acoustical Society of America},
  volume = {129},
  number = {6}
}

@article{douglas_solving_2016,
  title = {On {{Solving Ill Conditioned Linear Systems}}},
  author = {Douglas, Craig C. and Lee, Long and Yeung, Man-Chung},
  date = {2016},
  journaltitle = {Procedia Computer Science},
  shortjournal = {Procedia Computer Science},
  volume = {80}
}

@article{fichtner_multiscale_2013,
  title = {Multiscale Full Waveform Inversion},
  author = {Fichtner, Andreas and Trampert, Jeannot and Cupillard, Paul and Saygin, Erdinc and Taymaz, Tuncay and Capdeville, Yann and Villaseñor, Antonio},
  date = {2013-07-01},
  journaltitle = {Geophysical Journal International},
  volume = {194},
  number = {1}
}

@article{gemba_adaptive_2017,
  title = {Adaptive and Compressive Matched Field Processing},
  author = {Gemba, Kay L. and Hodgkiss, William S. and Gerstoft, Peter},
  date = {2017-01-01},
  journaltitle = {The Journal of the Acoustical Society of America},
  volume = {141},
  number = {1}
}

@article{golub_calculating_1965,
  title = {Calculating the {{Singular Values}} and {{Pseudo-Inverse}} of a {{Matrix}}},
  author = {Golub, G. and Kahan, W.},
  date = {1965-01},
  journaltitle = {Journal of the Society for Industrial and Applied Mathematics Series B Numerical Analysis},
  shortjournal = {Journal of the Society for Industrial and Applied Mathematics Series B Numerical Analysis},
  volume = {2},
  number = {2}
}

@article{hager_survey_2006,
  title = {A {{Survey}} of {{Nonlinear Conjugate Gradient Methods}}},
  author = {Hager, William W and Zhang, Hongchao},
  date = {2006},
  journaltitle = {Pacific Journal of Optimization},
  volume = {2},
  number = {1}
}

@article{haji_comparison_2021,
  title = {Comparison of Optimization Techniques Based on Gradient Descent Algorithm: A Review},
  author = {Haji, Saad Hikmat and Abdulazeez, Adnan Mohsin},
  date = {2021}
}

@article{hellmann_borehole_2023,
  title = {A Borehole Trajectory Inversion Scheme to Adjust the Measurement Geometry for {{3D}} Travel-Time Tomography on Glaciers},
  author = {Hellmann, Sebastian and Grab, Melchior and Patzer, Cedric and Bauder, Andreas and Maurer, Hansruedi},
  date = {2023-07-28},
  journaltitle = {Solid Earth},
  shortjournal = {Solid Earth},
  volume = {14},
  number = {7}
}

@article{holstein_acoustic_2004,
  title = {Acoustic Tomography on the Basis of Travel-Time Measurement},
  author = {Holstein, Peter and Raabe, Armin and Müller, Roland and Barth, Manuela and Mackenzie, David and Starke, Eric},
  date = {2004-07-01},
  journaltitle = {Measurement Science and Technology},
  shortjournal = {Meas. Sci. Technol.},
  volume = {15},
  number = {7}
}

@inproceedings{hormati_robust_2010,
  title = {Robust Ultrasound Travel-Time Tomography Using the Bent Ray Model},
  author = {Hormati, Ali and Jovanović, Ivana and Roy, Olivier and Vetterli, Martin},
  editor = {D'hooge, Jan and McAleavey, Stephen A.},
  date = {2010-03-04}
}

@book{iyer_seismic_1993,
  title = {Seismic Tomography: Theory and Practice},
  shorttitle = {Seismic Tomography},
  author = {Iyer, H. M. and Hirahara, K.},
  date = {1993},
  publisher = {Chapman \& [and] Hall}
}

@article{jeong_investigating_2024,
  title = {Investigating the {{Use}} of {{Traveltime}} and {{Reflection Tomography}} for {{Deep Learning-Based Sound-Speed Estimation}} in {{Ultrasound Computed Tomography}}},
  author = {Jeong, Gangwon and Li, Fu and Mitcham, Trevor M. and Villa, Umberto and Duric, Nebojsa and Anastasio, Mark A.},
  date = {2024-11},
  journaltitle = {IEEE Transactions on Ultrasonics, Ferroelectrics, and Frequency Control},
  shortjournal = {IEEE Trans. Ultrason., Ferroelect., Freq. Contr.},
  volume = {71},
  number = {11}
}

@article{kieffer_sound_1977,
  title = {Sound Speed in Liquid-Gas Mixtures: {{Water-air}} and Water-Steam},
  shorttitle = {Sound Speed in Liquid-Gas Mixtures},
  author = {Kieffer, Susan Werner},
  date = {1977-07-10},
  journaltitle = {Journal of Geophysical Research},
  shortjournal = {J. Geophys. Res.},
  volume = {82},
  number = {20}
}

@article{ku_novel_2013,
  title = {A {{Novel Method}} for {{Solving Ill-conditioned Systems}} of {{Linear Equations}} with {{Extreme Physical Property Contrasts}}},
  author = {Ku, Cheng-Yu},
  date = {2013},
  journaltitle = {Computer Modeling in Engineering \& Sciences},
  volume = {96},
  number = {6}
}

@article{li_acoustic_2019,
  title = {Acoustic Sound Speed Profile Inversion Based on Orthogonal Matching Pursuit},
  author = {Li, Qianqian and Shi, Juan and Li, Zhenglin and Luo, Yu and Yang, Fanlin and Zhang, Kai},
  date = {2019-11},
  journaltitle = {Acta Oceanologica Sinica},
  shortjournal = {Acta Oceanol. Sin.},
  volume = {38},
  number = {11}
}

@inproceedings{li_resolution_2013,
  title = {Resolution Limitation of Travel Time Tomography: Beyond the First {{Fresnel}} Zone},
  shorttitle = {Resolution Limitation of Travel Time Tomography},
  author = {Li, Cuiping and Duric, Neb},
  editor = {Bosch, Johan G. and Doyley, Marvin M.},
  date = {2013-03-29}
}

@article{li_sound_2015,
  title = {Sound Speed Profile Inversion Using a Horizontal Line Array in Shallow Water},
  author = {Li, ZhengLin and He, Li and Zhang, RenHe and Li, FengHua and Yu, YanXin and Lin, Peng},
  date = {2015-01},
  journaltitle = {Science China Physics, Mechanics \& Astronomy},
  shortjournal = {Sci. China Phys. Mech. Astron.},
  volume = {58},
  number = {1}
}

@article{liu_community_2021,
  title = {The {{Community Velocity Model V}}.1.0 of {{Southwest China}}, {{Constructed}} from {{Joint Body-}} and {{Surface-Wave Travel-Time Tomography}}},
  author = {Liu, Ying and Yao, Huajian and Zhang, Haijiang and Fang, Hongjian},
  date = {2021-09-01},
  journaltitle = {Seismological Research Letters},
  volume = {92},
  number = {5}
}

@article{luo_fulltraveltime_2016,
  title = {Full-Traveltime Inversion},
  author = {Luo, Yi and Ma, Yue and Wu, Yan and Liu, Hongwei and Cao, Lei},
  date = {2016-09},
  journaltitle = {GEOPHYSICS},
  shortjournal = {GEOPHYSICS},
  volume = {81},
  number = {5}
}

@book{mcdougall_getting_2011,
  title = {Getting Started with {{TEOS-10}} and the {{Gibbs Seawater}} ({{GSW}}) {{Oceanographic Toolbox}}},
  author = {McDougall, Trevor J. and Barker, Paul M.},
  date = {2011},
  publisher = {Trevor J McDougall},
  annotation = {OCLC: 724024071}
}

@book{medwin_fundamentals_1998,
  title = {Fundamentals of Acoustical Oceanography},
  author = {Medwin, Herman and Clay, Clarence Samuel},
  date = {1998},
  series = {Applications of Modern Acoustics},
  publisher = {Academic Press}
}

@article{meinen_further_1997,
  title = {Further Evidence That the Sound-Speed Algorithm of {{Del Grosso}} Is More Accurate than That of {{Chen}} and {{Millero}}},
  author = {Meinen, Christopher S. and Watts, D. Randolph},
  date = {1997-10-01},
  journaltitle = {The Journal of the Acoustical Society of America},
  volume = {102},
  number = {4}
}

@article{meyerholtz_convolutional_1989,
  title = {Convolutional Quelling in Seismic Tomography},
  author = {Meyerholtz, Keith A. and Pavlis, Gary L. and Szpakowski, Sally A.},
  date = {1989-05},
  journaltitle = {GEOPHYSICS},
  shortjournal = {GEOPHYSICS},
  volume = {54},
  number = {5}
}

@article{phillips_traveltime_1991,
  title = {Traveltime Tomography: {{A}} Comparison of Popular Methods},
  shorttitle = {Traveltime Tomography},
  author = {Phillips, W. Scott and Fehler, Michael C.},
  date = {1991-10},
  journaltitle = {GEOPHYSICS},
  shortjournal = {GEOPHYSICS},
  volume = {56},
  number = {10}
}

@article{pinson_sound_2010,
  title = {Sound Speed Profile Characterization by the Image Source Method},
  author = {Pinson, S. and Guillon, L.},
  date = {2010-10-01},
  journaltitle = {The Journal of the Acoustical Society of America},
  volume = {128},
  number = {4}
}

@article{roquet_accurate_2015,
  title = {Accurate Polynomial Expressions for the Density and Specific Volume of Seawater Using the {{TEOS-10}} Standard},
  author = {Roquet, F. and Madec, G. and McDougall, Trevor J. and Barker, Paul M.},
  date = {2015-06},
  journaltitle = {Ocean Modelling},
  shortjournal = {Ocean Modelling},
  volume = {90}
}

@online{ruder_overview_2017,
  title = {An Overview of Gradient Descent Optimization Algorithms},
  author = {Ruder, Sebastian},
  date = {2017-06-15},
  eprint = {1609.04747},
  eprinttype = {arXiv},
  eprintclass = {cs},
  pubstate = {prepublished},
  keywords = {Computer Science - Machine Learning}
}

@article{schmidt_environmentally_1990,
  title = {Environmentally Tolerant Beamforming for High-Resolution Matched Field Processing: {{Deterministic}} Mismatch},
  shorttitle = {Environmentally Tolerant Beamforming for High-Resolution Matched Field Processing},
  author = {Schmidt, Henrik and Baggeroer, A. B. and Kuperman, W. A. and Scheer, E. K.},
  date = {1990-10-01},
  journaltitle = {The Journal of the Acoustical Society of America},
  volume = {88},
  number = {4}
}

@article{sethian_3d_1999,
  title = {3-{{D}} Traveltime Computation Using the Fast Marching Method},
  author = {Sethian, James A. and Popovici, A. Mihai},
  date = {1999-03},
  journaltitle = {GEOPHYSICS},
  shortjournal = {GEOPHYSICS},
  volume = {64},
  number = {2}
}

@article{sethian_fast_1999,
  title = {Fast {{Marching Methods}}},
  author = {Sethian, J. A.},
  date = {1999-01},
  journaltitle = {SIAM Review},
  shortjournal = {SIAM Rev.},
  volume = {41},
  number = {2}
}

@article{siddiqui_effects_2019,
  title = {Effects of {{Water Column Variations}} on {{Sound Propagation}} and {{Underwater Acoustic Communications}}},
  author = {Siddiqui, Salman I. and Dong, Hefeng},
  date = {2019-05-07},
  journaltitle = {Sensors},
  shortjournal = {Sensors},
  volume = {19},
  number = {9}
}

@article{spiesberger_new_1991,
  title = {A New Algorithm for Sound Speed in Seawater},
  author = {Spiesberger, John L. and Metzger, Kurt},
  date = {1991-06-01},
  journaltitle = {The Journal of the Acoustical Society of America},
  volume = {89},
  number = {6}
}

@article{spiesberger_new_1991a,
  title = {New Estimates of Sound Speed in Water},
  author = {Spiesberger, John L. and Metzger, Kurt},
  date = {1991-04-01},
  journaltitle = {The Journal of the Acoustical Society of America},
  volume = {89},
  number = {4}
}

@article{stefanov_travel_2019,
  title = {Travel {{Time Tomography}}},
  author = {Stefanov, Plamen and Uhlmann, Gunther and Vasy, Andras and Zhou, Hanming},
  date = {2019-06},
  journaltitle = {Acta Mathematica Sinica, English Series},
  shortjournal = {Acta. Math. Sin.-English Ser.},
  volume = {35},
  number = {6}
}

@article{tang_travel_2024,
  title = {Travel Time Tomography by Ray Tracing Using the Fast Sweeping Method},
  author = {Tang, Huai-gu and Xie, Ren-jun and Wu, Yi and Zhou, Chang-suo and Yuan, Jun-liang and Qin, Wei},
  date = {2024-12},
  journaltitle = {Applied Geophysics},
  shortjournal = {Appl. Geophys.},
  volume = {21},
  number = {4}
}

@article{treister_full_2017,
  title = {Full {{Waveform Inversion Guided}} by {{Travel Time Tomography}}},
  author = {Treister, Eran and Haber, Eldad},
  date = {2017-01},
  journaltitle = {SIAM Journal on Scientific Computing},
  shortjournal = {SIAM J. Sci. Comput.},
  volume = {39},
  number = {5}
}

@article{trusler_determination_2017,
  title = {Determination of the Thermodynamic Properties of Water from the Speed of Sound},
  author = {Trusler, J.P. Martin and Lemmon, Eric W.},
  date = {2017-06},
  journaltitle = {The Journal of Chemical Thermodynamics},
  shortjournal = {The Journal of Chemical Thermodynamics},
  volume = {109}
}

@article{virieux_overview_2009,
  title = {An Overview of Full-Waveform Inversion in Exploration Geophysics},
  author = {Virieux, J. and Operto, S.},
  date = {2009-11},
  journaltitle = {GEOPHYSICS},
  shortjournal = {GEOPHYSICS},
  volume = {74},
  number = {6}
}

@article{wilson_speed_1959,
  title = {Speed of {{Sound}} in {{Distilled Water}} as a {{Function}} of {{Temperature}} and {{Pressure}}},
  author = {Wilson, Wayne D.},
  date = {1959-08-01},
  journaltitle = {The Journal of the Acoustical Society of America},
  volume = {31},
  number = {8}
}

@article{wong_speed_1995,
  title = {Speed of Sound in Seawater as a Function of Salinity, Temperature, and Pressure},
  author = {Wong, George S. K. and Zhu, Shi-ming},
  date = {1995-03-01},
  journaltitle = {The Journal of the Acoustical Society of America},
  volume = {97},
  number = {3}
}

@article{yahaya_descent_2023,
  title = {Descent {{Modified Conjugate Gradient Methods}} for {{Vector Optimization Problems}}},
  author = {Yahaya, Jamilu and Arzuka, Ibrahim and Isyaku, Mustapha},
  date = {2023-12-31},
  journaltitle = {Bangmod International Journal of Mathematical and Computational Science},
  shortjournal = {Bangmod J-MCS.},
  volume = {9}
}

@article{zhang_bayesian_2021,
  title = {Bayesian {{Geophysical Inversion Using Invertible Neural Networks}}},
  author = {Zhang, Xin and Curtis, Andrew},
  date = {2021-07},
  journaltitle = {Journal of Geophysical Research: Solid Earth},
  shortjournal = {JGR Solid Earth},
  volume = {126},
  number = {7}
}

@article{zhang_nonlinear_1998,
  title = {Nonlinear Refraction and Reflection Travel Time Tomography},
  author = {Zhang, Jie and Ten Brink, Uri S. and Toksöz, M. Nafi},
  date = {1998-12-10},
  journaltitle = {Journal of Geophysical Research: Solid Earth},
  shortjournal = {J. Geophys. Res.},
  volume = {103},
  number = {B12}
}

@article{zhao_fast_2004,
  title = {A Fast Sweeping Method for {{Eikonal}} Equations},
  author = {Zhao, Hongkai},
  date = {2004-05-21},
  journaltitle = {Mathematics of Computation},
  shortjournal = {Math. Comp.},
  volume = {74},
  number = {250}
}
