@INPROCEEDINGS{gupta_music_2015,	
	author={Gupta, Pooja and Kar, S.P.},	
	booktitle={2015 International Conference on Communications and Signal Processing (ICCSP)}, 	
	title={MUSIC and improved MUSIC algorithm to estimate direction of arrival}, 
	year={2015},
	volume={},
	number={},
	pages={0757-0761},
	keywords={Antennas;Sonar;Indexes;Arrays;Art;Wireless sensor networks;Wireless communication;DOA (Direction of Arrival);ESPRIT (Estimation of Signal Parameters via Rotational Invariance Technique;MUSIC (Multiple Signal Classification);MUSIC (Multiple Signal Classification);ULA (Uniform Linear Array)},
	doi={10.1109/ICCSP.2015.7322593}}
